@misc{hsieh2019learning,
    title={Learning Neural PDE Solvers with Convergence Guarantees},
    author={Hsieh, Jun-Ting  and Zhao, Shengjia and Eismann, Stephan and Mirabella, Lucia  and Ermon, Stefano },
    year={2019},
    eprint={1906.01200},
    archivePrefix={arXiv},
    primaryClass={cs.NA}
}

@misc{Parascandolo2017,
    title={Taming the waves: sine as activation function in deep neural networks},
    author={Parascandolo, Giambattista  and Huttunen, Heikki  and Virtanen, Tuomas  },
    year={2017},
}

@article{Shu1995,
  title={A note on the accuracy of spectral method applied to nonlinear conservation laws},
  author={Shu, Chi-Wang and Wong, Peter S.},
  journal={Journal of Scientific Computing},
  year={1995}
}

@book{Gottlieb1977,
	Author = {Gottlieb, David and  Orszag,  Steven A.},
	Publisher = {SIAM-CBMS},
	Title = {Numerical Analysis of Spectral Methods: Theory and Applications},
	Year = {1977}}


@article{Raissi,
  title={Deep Hidden Physics Models: Deep Learning of Nonlinear Partial Differential Equations},
  author={Raissi, Maziar},
  journal={arXiv preprint arXiv:1801.06637},
  year={2018}
}

@article{raissi2017hidden,
  title={Hidden physics models: Machine learning of nonlinear partial differential equations},
  author={Raissi, Maziar and Karniadakis, George Em},
  journal={Journal of Computational Physics},
  year={2017},
  publisher={Elsevier}
}

@article{Sirignano,
  title={DGM: A deep learning algorithm for solving partial differential equations},
  author={Sirignano, Justin and Spiliopoulos,Konstantinos },
  journal={arXiv preprint arXiv:1708.07469v5},
  year={2018}
}


@article{Dockhorn,
  title={A discussion on solving Partial Differential Equations using neural networks},
  author={Tim Dockhorn},
  journal={arXiv preprint arXiv:1904. 07200v1},
  year={2018}
}

@article{Gallant,
  title={There exists a neural network that does not make avoidable mistakes},
  author={Gallant, Ronald and White, Halbert},
  journal={Proceedings of the second annual IEEE conference on neural networks},
  year={2018}
}

@article{Silvescu,
  title={Fourier Neural Networks},
  author={Silvescu, Adrian},
  journal={IJCNN 99},
  year={2018}
}

@article{Liu,
  title={Fourier Neural Networks for machine learning},
  author={Liu, Shuang},
  journal={Machine learning and cybernetics},
  year={2018}
}

@article{Barron,
  title={Universal approximation bounds for superpositions of a sigmoidal function},
  author={Barron, Andrew},
  journal={Machine learning and cybernetics},
  year={1993}
}

@article{Cybenko1992,
  title={Approximation by superpositions of a sigmoidal function},
  author={Cybenko, George},
  journal={Mathematics of Control, Signals and Systems},
  year={1992}
}

@article{Leshno,
  title={Multilayer feedforward networks with a nonpolynomial activation function can approximate any function},
  author={Leshno, Moshe and Lin, Vladimir and Pinkus, Allan and Schocken, Shimon},
  journrral={Neural Networks},
  year={2018}
}
@article{HORNIK1989,
title = "Multilayer feedforward networks are universal approximators",
journal = "Neural Networks",
year = "1989",
author = "Hornik, Kurk and Stinchcombe, Maxwell and  White,Halbert",
}




@article{Glorot,
  title={Understanding the difficulty of training deep feedforward neural networks},
  author={Glorot, Xavier and Bengio, Yoshua},
  journrral={Neural Networks},
  year={2018}
}

@article{Heinit,
  title={Understanding the difficulty of training deep feedforward neural networks},
  author={Glorot, Xavier and Bengio, Yoshua},
  journrral={Neural Networks},
  year={2018}
}

@article{Kumar,
  title={Understanding the difficulty of training deep feedforward neural networks},
  author={Glorot, Xavier and Bengio, Yoshua},
  journal={Neural Networks},
  year={2018}
}

@article{Zhumekonov2019,
  author    = {Zhumekenov,Abylay  and
                Uteuliyeva, Malika and
               Kabdolov, Olzhas  and
               Takhanov, Rustem  and
               Assylbekov,Zhenisbek and
               Castro, Alejandro J.},
  title     = {Fourier Neural Networks: {A} Comparative Study},
  year      = {2019},
  url       = {http://arxiv.org/abs/1902.03011},
}

@book{Trefethen2000,
	Author = {Trefethen, Lloyd N.},
	Publisher = {SIAM},
	Title = {Spectral Methods in MATLAB},
	Year = {2000}}
	
@book{Teschl2012,
	Author = {Teschl, Gerald},
	Publisher = {AMS},
	Title = {Ordinary Differential Equations and Dynamical Systems},
	Year = {2012}}