@article{hsieh2019learning,
    title={Learning Neural PDE Solvers with Convergence Guarantees},
    author={Hsieh, Jun-Ting  and Zhao, Shengjia and Eismann, Stephan and Mirabella, Lucia  and Ermon, Stefano },
    year={2019},
    journal={International Conference on Learning Representations 2019},
}

@article{Parascandolo2017,
    title={Taming the waves: sine as activation function in deep neural networks},
    author={Parascandolo, Giambattista  and Huttunen, Heikki  and Virtanen, Tuomas  },
    year={2017},
     url = {https://openreview.net/pdf?id=Sks3zF9eg},
}

@article{Shu1995,
  title={A note on the accuracy of spectral method applied to nonlinear conservation laws},
  author={Shu, Chi-Wang and Wong, Peter S.},
  journal={Journal of Scientific Computing},
  year={1995}
}




@article{Raissi2018,
  title={Deep Hidden Physics Models: Deep Learning of Nonlinear Partial Differential Equations},
  author={Raissi, Maziar},
  journal={Journal of Machine Learning Research},
  year={2018}
}

@article{raissi2017hidden,
  title={Hidden physics models: Machine learning of nonlinear partial differential equations},
  author={Raissi, Maziar and Karniadakis, George Em},
  journal={Journal of Computational Physics},
  year={2017},
  publisher={Elsevier}
}

@article{raissi2019Pinn,
  title={Physics-informed neural networks: A deep learning framework for solving forward and inverse problems involving nonlinear partial differential equations},
  author={Raissi, Maziar and Perdikaris, Paris and Karniadakis, George Em},
  journal={Journal of Computational Physics},
  year={2019},
  publisher={Elsevier}
}

@article{Sirignano2018,
  title={DGM: A deep learning algorithm for solving partial differential equations},
  author={Sirignano, Justin and Spiliopoulos,Konstantinos },
  journal={Journal of Computational Physics},
  year={2018}
}


@article{Dockhorn2019,
  title={A discussion on solving Partial Differential Equations using neural networks},
  author={Dockhorn, Tim},
  url = {http://arxiv.org/abs/1904.07200},
  year={2019}
}

@article{Gallant1988,
  title={There exists a neural network that does not make avoidable mistakes},
  author={Gallant, Ronald and White, Halbert},
  journal={Proceedings of the second annual IEEE conference on neural networks},
  year={1988}
}

@article{Silvescu1999,
  title={Fourier Neural Networks},
  author={Silvescu, Adrian},
  journal={International joint conference on neural networks},
  year={1999}
}

% @article{Liu2018,
%   title={Fourier Neural Networks for machine learning},
%   author={Liu, Shuang},
%   journal={Machine learning and cybernetics},
%   year={2018}
% }

@article{Barron1993,
  title={Universal approximation bounds for superpositions of a sigmoidal function},
  author={Barron, Andrew},
  journal={Machine learning and cybernetics},
  year={1993}
}

@article{Liu2013,
  title={Fourier neural network for machine learning},
  author={Liu, Shuang},
  journal={ 2013 International Conference on Machine Learning and Cybernetics},
  year={2013}
}

@article{Cybenko1992,
  title={Approximation by superpositions of a sigmoidal function},
  author={Cybenko, George},
  journal={Mathematics of Control, Signals and Systems},
  year={1992}
}

@article{Leshno1993,
  title={Multilayer feedforward networks with a nonpolynomial activation function can approximate any function},
  author={Leshno, Moshe and Lin, Vladimir and Pinkus, Allan and Schocken, Shimon},
  journal={Neural Networks},
  year={1993}
}


@article{HORNIK1989,
title = "Multilayer feedforward networks are universal approximators",
journal = "Neural Networks",
year = "1989",
author = "Hornik, Kurk and Stinchcombe, Maxwell and  White,Halbert",
}




@article{Glorot2010,
  title={Understanding the difficulty of training deep feedforward neural networks},
  author={Glorot, Xavier and Bengio, Yoshua},
  journal={Neural Networks},
  year={2010}
}

@article{Heinit2015,
  title={Delving Deep into Rectifiers: Surpassing Human-Level Performance on ImageNet Classification},
  author={He,Kaiming  and
              Zhang, Xiangyu and
                Ren, Shaoqing and
               Sun,Jian},
  journal={Proceedings of the 2015 IEEE International Conference on Computer Vision},
  year={2015}
}

@article{Kumar2017,
  author    = {Kumar, Siddharth Krishna },
  title     = {On weight initialization in deep neural networks},
  year      = {2017},
  url       = {http://arxiv.org/abs/1704.08863},
}

@article{Zhumekonov2019,
  author    = {Zhumekenov,Abylay  and
                Uteuliyeva, Malika and
               Kabdolov, Olzhas  and
               Takhanov, Rustem  and
               Assylbekov,Zhenisbek and
               Castro, Alejandro J.},
  title     = {Fourier Neural Networks: {A} Comparative Study},
  year      = {2019},
  url       = {http://arxiv.org/abs/1902.03011},
}

@article{Rudy2017,
  title={Data-driven discovery of partial differential equations},
  author={Rudy, Samuel H.  and
              Brunton, Steven L. and
                Proctor, Joshua L. and
               Kutz, Nathan},
  journal={Science Advances},
   year={2017}
}

@article{Brunton2016,
  title={Discovering governing equations from data by sparse identification of nonlinear dynamical systems},
  author={Brunton, Steven L. and
                Proctor, Joshua L. and
               Kutz, Nathan},
  journal={Proceedings of the National Academy of Sciences of the United States of America},
   year={2016}
}

@article{Chen2018,
  title={Neural Ordinary Differential Equations},
  author={Chen, Tian Qi  and
               Rubanova, Yulia  and
               Bettencourt, Jesse  and
               Duvenaud,David},
  journal={32nd Conference on Neural Information Processing Systems},
   year={2018}
}

@article{Ruthotto2019,
  title={Deep Neural Networks motivated by Partial Differential Equations},
  author={Ruthotto, Lars  and
               Haber, Eldad },
  journal={Journal of Mathematical Imaging and Vision volume},
   year={2019}
}

@article{Long2018,
  title={PDE-Net: Learning PDEs from Data},
  author={Long, Zichao and Lu, Yiping and Ma, Xianzhong and Dong, Bin},
  journal={Proceedings of the 35th International Conference on Machine Learning},
   year={2019}
}

@article{LeCun1999,
  title={Object recognition with gradient-based learning},
  author={LeCun, Yann and Haffner, Patrick and Bottou, LÃ©on and Bengio, Yoshua },
  journal={International Workshop on Shape, Contour and Grouping in Computer Vision},
   year={1999}
}

@article{Hochreiter1997,
  title={Long short-term memory},
  author={Hochreiter, Sepp and Schmidhuber, Juergen },
  journal={Parallel Distributed Processing},
   year={1986}
}

@article{Rumelhart1986,
  title={Learning internal representations by error propagation},
  author={Rumelhart, D and Hinton, G and Williams,R.  },
  journal={Neural computation},
   year={1997}
}


@article{Nwankpa2018,
  author    = {Nwankpa, Chigozie  and
            Ijomah, Winifred and
               Gachagan, Anthony and
              Marshall,  Stephen},
  title     = {Activation Functions: Comparison of trends in Practice and Research
               for Deep Learning},
  year      = {2018},
  url       = {http://arxiv.org/abs/1811.03378},
}

@book{Gottlieb1977,
	Author = {Gottlieb, David and  Orszag,  Steven A.},
	Publisher = {SIAM-CBMS},
	Title = {Numerical Analysis of Spectral Methods: Theory and Applications},
	Year = {1977}}

@book{Trefethen2000,
	Author = {Trefethen, Lloyd N.},
	Publisher = {SIAM},
	Title = {Spectral Methods in MATLAB},
	Year = {2000}}
	
@book{Teschl2012,
	Author = {Teschl, Gerald},
	Publisher = {AMS},
	Title = {Ordinary Differential Equations and Dynamical Systems},
	Year = {2012}}
	
@book{Geron2017,
	Author = {Geron, Aurelien},
	Publisher = {O'Reilly Media, Inc.},
	Title = {Hands-On Machine Learning with Scikit-Learn and TensorFlow},
	Year = {2017}}